@Misc{straumsheim:2017,
  author =       {Carl Straumsheim},
  title =        {No More 'Beall's List'},
  howpublished = {Inside Higher Ed},
  month =        1,
  year =         2017,
  url =
                  {https://www.insidehighered.com/news/2017/01/18/librarians-list-predatory-journals-reportedly-removed-due-threats-and-politics}
}

@article{silver:2017,
  doi =          {10.1038/nature.2017.22090},
  url =          {https://doi.org/10.1038/nature.2017.22090},
  year =         2017,
  month =        5,
  publisher =    {Springer Nature},
  author =       {Andrew Silver},
  title =        {Pay-to-view blacklist of predatory journals set to launch},
  journal =      {Nature}
}

@Misc{aschwanden:2015,
  author =       {Christie Aschwanden},
  title =        {{Science Isn't Broken. It's just a hell of a lot harder than
                  we give it credit for.}},
  howpublished = {FiveThirthyEight},
  year =         2015,
  url =          {https://fivethirtyeight.com/features/science-isnt-broken/}
}

@Misc{finske:2016,
  author =       {Susan T. Finske},
  title =        {A Call to Change Science’s Culture of Shaming},
  publisher =    {Association for Psychological Science},
  month =        11,
  year =         2016,
  url =
                  {http://www.psychologicalscience.org/observer/a-call-to-change-sciences-culture-of-shaming}
}

@article{miller:2006,
  doi =          {10.1126/science.314.5807.1856},
  url =          {https://doi.org/10.1126/science.314.5807.1856},
  year =         2006,
  month =        12,
  publisher =    {American Association for the Advancement of Science ({AAAS})},
  volume =       314,
  number =       5807,
  pages =        {1856--1857},
  author =       {G. Miller},
  title =        {A Scientist{\textquotesingle}s Nightmare: Software Problem
                  Leads to Five Retractions},
  journal =      {Science}
}

@Book{trivers:2009,
  author =       {Robert Trivers and Brian G. Palestis and Darine Zaatari},
  title =        {{The Anatomy of a Fraud: Symmetry and Dance}},
  publisher =    {TPZ Publishers},
  year =         2009,
}

@article{lu:2013,
  doi =          {10.1038/srep03146},
  url =          {https://doi.org/10.1038/srep03146},
  year =         2013,
  month =        11,
  publisher =    {Springer Nature},
  volume =       3,
  number =       1,
  author =       {Susan Feng Lu and Ginger Zhe Jin and Brian Uzzi and Benjamin
                  Jones},
  title =        {The Retraction Penalty: Evidence from the Web of Science},
  journal =      {Scientific Reports}
}

@Misc{trebino:2009,
  author =       {Rick Trebino},
  title =        {How to Publish a Scientific Comment in 123 Easy Steps},
  url =
                  {http://frog.gatech.edu/Pubs/How-to-Publish-a-Scientific-Comment-in-123-Easy-Steps.pdf},
  year =         2009,
}

@Article{nosek:2015,
  author =       {{Open Science Collaboration}},
  title =        {Estimating the reproducibility of psychological science},
  journal =      {Science},
  publisher =    {American Association for the Advancement of Science ({AAAS})},
  year =         2015,
  volume =       349,
  number =       6251,
  doi =          {10.1126/science.aac4716},
  url =          {https://doi.org/10.1126/science.aac4716},
}

@article{degroote:2016,
  doi =          {10.1098/rsos.160328},
  url =          {https://doi.org/10.1098/rsos.160328},
  year =         2016,
  month =        8,
  publisher =    {The Royal Society},
  volume =       3,
  number =       8,
  pages =        160328,
  author =       {Isabelle {De Groote} and Linus Girdland Flink and Rizwaan
                  Abbas and Silvia M. Bello and Lucia Burgia and Laura Tabitha
                  Buck and Christopher Dean and Alison Freyne and Thomas Higham
                  and Chris G. Jones and Robert Kruszynski and Adrian Lister
                  and Simon A. Parfitt and Matthew M. Skinner and Karolyn
                  Shindler and Chris B. Stringer},
  title =        {New genetic and morphological evidence suggests a single
                  hoaxer created `Piltdown man'},
  journal =      {Royal Society Open Science}
}

@article{wilkinson:2016,
  doi =          {10.1038/sdata.2016.18},
  url =          {https://doi.org/10.1038/sdata.2016.18},
  year =         2016,
  month =        3,
  publisher =    {Springer Nature},
  volume =       3,
  pages =        160018,
  author =       {Mark D. Wilkinson and Michel Dumontier and IJsbrand Jan
                  Aalbersberg and Gabrielle Appleton and Myles Axton and Arie
                  Baak and Niklas Blomberg and Jan-Willem Boiten and Luiz
                  Bonino da Silva Santos and Philip E. Bourne and Jildau
                  Bouwman and Anthony J. Brookes and Tim Clark and Merc{\`{e}}
                  Crosas and Ingrid Dillo and Olivier Dumon and Scott Edmunds
                  and Chris T. Evelo and Richard Finkers and Alejandra
                  Gonzalez-Beltran and Alasdair J.G. Gray and Paul Groth and
                  Carole Goble and Jeffrey S. Grethe and Jaap Heringa and Peter
                  A.C 't Hoen and Rob Hooft and Tobias Kuhn and Ruben Kok and
                  Joost Kok and Scott J. Lusher and Maryann E. Martone and
                  Albert Mons and Abel L. Packer and Bengt Persson and Philippe
                  Rocca-Serra and Marco Roos and Rene van Schaik and
                  Susanna-Assunta Sansone and Erik Schultes and Thierry
                  Sengstag and Ted Slater and George Strawn and Morris
                  A. Swertz and Mark Thompson and Johan van der Lei and Erik
                  van Mulligen and Jan Velterop and Andra Waagmeester and Peter
                  Wittenburg and Katherine Wolstencroft and Jun Zhao and Barend
                  Mons},
  title =        {The {FAIR} Guiding Principles for scientific data management
                  and stewardship},
  journal =      {Scientific Data}
}

@InProceedings{collberg:2015,
  author =       {Christian Collberg and Todd Proebsting and Alex M Warren},
  title =        {Repeatability and Benefaction in Computer Systems Research —
                  A Study and a Modest Proposal},
  year =         2015,
}

@InProceedings{collberg:2014,
  author =       {Christian Collberg and Todd Proebsting and Gina Moraila and
                  Akash Shankaran and Zuoming Shi and Alex M Warren},
  title =        {Measuring Reproducibility in Computer Systems Research},
  year =         2014,
}

@article{longo:2016,
  doi =          {10.1056/nejme1516564},
  url =          {https://doi.org/10.1056/nejme1516564},
  year =         2016,
  month =        1,
  publisher =    {New England Journal of Medicine ({NEJM}/{MMS})},
  volume =       374,
  number =       3,
  pages =        {276--277},
  author =       {Dan L. Longo and Jeffrey M. Drazen},
  title =        {Data Sharing},
  journal =      {New England Journal of Medicine}
}

@article{roche:2014,
  doi =          {10.1371/journal.pbio.1001779},
  url =          {https://doi.org/10.1371/journal.pbio.1001779},
  year =         2014,
  month =        1,
  publisher =    {Public Library of Science ({PLoS})},
  volume =       12,
  number =       1,
  pages =        {e1001779},
  author =       {Dominique G. Roche and Robert Lanfear and Sandra A. Binning
                  and Tonya M. Haff and Lisa E. Schwanz and Kristal E. Cain and
                  Hanna Kokko and Michael D. Jennions and Loeske E. B. Kruuk},
  editor =       {Jonathan A. Eisen},
  title =        {Troubleshooting Public Data Archiving: Suggestions to
                  Increase Participation},
  journal =      {{PLoS} Biology}
}

@article{vastag:2006,
  doi =          {10.1093/jnci/djj118},
  url =          {https://doi.org/10.1093/jnci/djj118},
  year =         2006,
  month =        3,
  publisher =    {Oxford University Press ({OUP})},
  volume =       98,
  number =       6,
  pages =        {374--376},
  author =       {B. Vastag},
  title =        {Cancer Fraud Case Stuns Research Community, Prompts
                  Reflection on Peer Review Process},
  journal =      {{JNCI} Journal of the National Cancer Institute}
}

@Article{timmer:2012,
  author =       {John Timmer},
  title =        {Epic fraud: How to succeed in science (without doing any)},
  journal =      {Ars Technica},
  year =         2012,
  url =
                  {https://arstechnica.com/science/2012/07/epic-fraud-how-to-succeed-in-science-without-doing-any/},
}

@article{bakker:2012,
  doi =          {10.1177/1745691612459060},
  url =          {https://doi.org/10.1177/1745691612459060},
  year =         2012,
  month =        11,
  publisher =    {{SAGE} Publications},
  volume =       7,
  number =       6,
  pages =        {543--554},
  author =       {Marjan Bakker and Annette van Dijk and Jelte M. Wicherts},
  title =        {The Rules of the Game Called Psychological Science},
  journal =      {Perspectives on Psychological Science}
}

@Article{fiske:2016,
  author =       {Susan Fiske},
  title =        {A Call to Change Science’s Culture of Shaming},
  journal =      {Association for Psychological Science},
  year =         2016,
  url =
                  {http://www.psychologicalscience.org/observer/a-call-to-change-sciences-culture-of-shaming}
}

@Article{buranyi:2017,
  author =       {Stephen Buranyi},
  title =        {The hi-tech war on science fraud},
  journal =      {The Guardian},
  year =         2017,
  url =
                  {https://www.theguardian.com/science/2017/feb/01/high-tech-war-on-science}
}

@article{grant:2015,
  author =       {Bob Grant },
  title =        {Vaccine Fraudster Gets Jail Time},
  url =
                  {http://www.the-scientist.com/?articles.view/articleNo/43456/title/Vaccine-Fraudster-Gets-Jail-Time/},
  journal =      {The Scientist},
  year =         2015,
}

@article{shen:2015,
  doi =          {10.1186/s12916-015-0469-2},
  url =          {https://doi.org/10.1186/s12916-015-0469-2},
  year =         2015,
  month =        10,
  publisher =    {Springer Nature},
  volume =       13,
  number =       1,
  author =       {Cenyu Shen and Bo-Christer Bj\"{o}rk},
  title =        {{`Predatory' open access: a longitudinal study of article
                  volumes and market characteristics}},
  journal =      {{BMC} Medicine}
}

@article{sorokowski:2017,
  doi =          {10.1038/543481a},
  url =          {https://doi.org/10.1038/543481a},
  year =         2017,
  month =        3,
  publisher =    {Springer Nature},
  volume =       543,
  number =       7646,
  pages =        {481--483},
  author =       {Piotr Sorokowski and Emanuel Kulczycki and Agnieszka
                  Sorokowska and Katarzyna Pisanski},
  title =        {Predatory journals recruit fake editor},
  journal =      {Nature}
}

@article{kennedy:2017,
  author =       {Kelsey Kennedy},
  title =        {This Dog Sits on Seven Editorial Boards},
  url =
                  {http://www.atlasobscura.com/articles/olivia-doll-predatory-journals},
  journal =      {Atlas Obscura},
  year =         2017,
}

@article{haug:2015,
  doi =          {10.1056/nejmp1512330},
  url =          {https://doi.org/10.1056/nejmp1512330},
  year =         2015,
  month =        12,
  publisher =    {New England Journal of Medicine ({NEJM}/{MMS})},
  volume =       373,
  number =       25,
  pages =        {2393--2395},
  author =       {Charlotte J. Haug},
  title =        {Peer-Review Fraud {\textemdash} Hacking the Scientific
                  Publication Process},
  journal =      {New England Journal of Medicine}
}

@article{ferguson:2014,
  doi =          {10.1038/515480a},
  url =          {https://doi.org/10.1038/515480a},
  year =         2014,
  month =        11,
  publisher =    {Springer Nature},
  volume =       515,
  number =       7528,
  pages =        {480--482},
  author =       {Cat Ferguson and Adam Marcus and Ivan Oransky},
  title =        {Publishing: The peer-review scam},
  journal =      {Nature}
}

@article{stigbrand:2017,
  doi =          {10.1007/s13277-017-5487-6},
  url =          {https://doi.org/10.1007/s13277-017-5487-6},
  year =         2017,
  month =        4,
  publisher =    {Springer Nature},
  author =       {Torgny Stigbrand},
  title =        {Retraction Note to multiple articles in Tumor Biology},
  journal =      {Tumor Biology}
}

@article{long:2009,
  doi =          {10.1126/science.1167408},
  url =          {https://doi.org/10.1126/science.1167408},
  year =         2009,
  month =        3,
  publisher =    {American Association for the Advancement of Science ({AAAS})},
  volume =       323,
  number =       5919,
  pages =        {1293--1294},
  author =       {T. C. Long and M. Errami and A. C. George and Z. Sun and
                  H. R. Garner},
  title =        {Responding to Possible Plagiarism},
  journal =      {Science}
}

@Misc{dorigo:2015,
  author =       {Tommaso Dorigo},
  title =        {Fighting Plagiarism In Scientific Papers},
  month =        3,
  year =         2015,
  url =
                  {http://www.science20.com/a_quantum_diaries_survivor/fighting_plagiarism_in_scientific_papers-154460}
}

@Misc{neuroskeptic:2017,
  author =       {Neuroskeptic},
  title =        {Science Has A Plagiarism Problem},
  url =
                  {http://blogs.discovermagazine.com/neuroskeptic/2017/02/03/science-plagiarism-problem/},
  month =        2,
  year =         2017,
}

@manual{epskamp:2016,
  title =        {statcheck: Extract statistics from articles and recompute p
                  values},
  author =       {Sacha Epskamp and Michele B. Nuijten},
  year =         2016,
  note =         {R Package},
  url =          {http://CRAN.R-project.org/package=statcheck},
}

@article{nuijten:2015,
  doi =          {10.3758/s13428-015-0664-2},
  url =          {https://doi.org/10.3758/s13428-015-0664-2},
  year =         2015,
  month =        10,
  publisher =    {Springer Nature},
  volume =       48,
  number =       4,
  pages =        {1205--1226},
  author =       {Michèle B. Nuijten and Chris H. J. Hartgerink and Marcel
                  A. L. M. {van Assen} and Sacha Epskamp and Jelte M. Wicherts},
  title =        {The prevalence of statistical reporting errors in psychology
                  (1985{\textendash}2013)},
  journal =      {Behavior Research Methods}
}

@article{hartgerink:2016,
  doi =          {10.7717/peerj.1935},
  url =          {https://doi.org/10.7717/peerj.1935},
  year =         2016,
  month =        4,
  publisher =    {{PeerJ}},
  volume =       4,
  pages =        {e1935},
  author =       {Chris H.J. Hartgerink and Robbie C.M. {van Aert} and
                  Michèle B. Nuijten and Jelte M. Wicherts and Marcel
                  A.L.M. van Assen},
  title =        {Distributions of p-values smaller than .05 in psychology: what
                  is going on?},
  journal =      {{PeerJ}}
}

@Book{cumming:2012a,
  author =       {Geoff Cumming},
  title =        {Understanding the new Statistics: Effect sizes, confidence
                  intervals, and meta-analysis},
  publisher =    {New York: Routledge.},
  year =         2012,
}

@Article{cumming:2012b,
  author =       {Geoff Cumming},
  title =        {Mind your confidence interval: how statistics skew research
                  results},
  journal =      {The Conversation},
  year =         2012,
  url =
                  {https://theconversation.com/mind-your-confidence-interval-how-statistics-skew-research-results-3186},
}

@article{simmons:2011,
  doi =          {10.1177/0956797611417632},
  url =          {https://doi.org/10.1177/0956797611417632},
  year =         2011,
  month =        11,
  publisher =    {{SAGE} Publications},
  volume =       22,
  number =       11,
  pages =        {1359--1366},
  author =       {Joseph P. Simmons and Leif D. Nelson and Uri Simonsohn},
  title =        {False-Positive Psychology},
  journal =      {Psychological Science}
}

@article{colquhoun:2014,
  doi =          {10.1098/rsos.140216},
  url =          {https://doi.org/10.1098/rsos.140216},
  year =         2014,
  month =        11,
  publisher =    {The Royal Society},
  volume =       1,
  number =       3,
  pages =        {140216--140216},
  author =       {D. Colquhoun},
  title =        {An investigation of the false discovery rate and the
                  misinterpretation of p-values},
  journal =      {Royal Society Open Science}
}

@article{wasserstein:2016,
  doi =          {10.1080/00031305.2016.1154108},
  url =          {https://doi.org/10.1080/00031305.2016.1154108},
  year =         2016,
  month =        4,
  publisher =    {Informa {UK} Limited},
  volume =       70,
  number =       2,
  pages =        {129--133},
  author =       {Ronald L. Wasserstein and Nicole A. Lazar},
  title =        {{The ASA's Statement on p-Values: Context, Process, and
                  Purpose}},
  journal =      {The American Statistician}
}

@article{baker:2016,
  doi =          {10.1038/nature.2016.19503},
  url =          {https://doi.org/10.1038/nature.2016.19503},
  year =         2016,
  month =        3,
  publisher =    {Springer Nature},
  volume =       531,
  number =       7593,
  pages =        {151--151},
  author =       {Monya Baker},
  title =        {Statisticians issue warning over misuse of P values},
  journal =      {Nature}
}

@article{haller:2002,
  author =       {Heiko Haller and Stefan Krauss},
  title =        {Misinterpretations of Significance: A Problem Students Share
                  with Their Teachers? },
  journal =      {MPR-online},
  year =         2002,
  volume =       7,
  number =       1,
  url =
                  {https://www.dgps.de/fachgruppen/methoden/mpr-online/issue16/art1/article.html}
}

@article{lecoutre:2003,
  doi =          {10.1080/00207590244000250},
  url =          {https://doi.org/10.1080/00207590244000250},
  year =         2003,
  month =        2,
  publisher =    {Wiley-Blackwell},
  volume =       38,
  number =       1,
  pages =        {37--45},
  author =       {Marie-Paule Lecoutre and Jacques Poitevineau and Bruno
                  Lecoutre},
  title =        {Even statisticians are not immune to misinterpretations of
                  Null Hypothesis Significance Tests},
  journal =      {International Journal of Psychology}
}

@inproceedings{matejka:2017,
  doi =          {10.1145/3025453.3025912},
  url =          {https://www.autodeskresearch.com/publications/samestats},
  year =         2017,
  publisher =    {{ACM} Press},
  author =       {Justin Matejka and George Fitzmaurice},
  title =        {Same Stats, Different Graphs},
  booktitle =    {Proceedings of the 2017 {CHI} Conference on Human Factors in
                  Computing Systems - {CHI} {\textquotesingle}17}
}

@Misc{schonbrodt:2015,
  author =       {Schönbrodt, Felix. D.},
  title =        {{Train your p-hacking skills!}},
  url =          {http://shinyapps.org/apps/p-hacker/},
  year =         2015,
}

@inproceedings{hsu:2015,
  doi =          {10.1109/asiajcis.2015.16},
  url =          {https://doi.org/10.1109/asiajcis.2015.16},
  year =         2015,
  month =        5,
  publisher =    {{IEEE}},
  author =       {Chen-Ming Hsu and Jen-Chun Lee and Wei-Kuei Chen},
  title =        {An Efficient Detection Algorithm for Copy-Move Forgery},
  booktitle =    {{10th Asia Joint Conference on Information Security}}
}

@incollection{cromey:2012,
  doi =          {10.1007/978-1-62703-056-4_1},
  url =          {https://doi.org/10.1007/978-1-62703-056-4_1},
  year =         2012,
  publisher =    {Humana Press},
  pages =        {1--27},
  author =       {Douglas W. Cromey},
  title =        {Digital Images Are Data: And Should Be Treated as Such},
  booktitle =    {Methods in Molecular Biology}
}

@Misc{hendricks:2011,
  author =       {Melissa Hendricks},
  title =        {Scientific Integrity In The Age of Photoshop},
  year =         2011,
  url =
                  {http://www.hopkinsmedicine.org/institute_basic_biomedical_sciences/news_events/articles_and_stories/employment/2011_01_scientific_integrity.html}
}

@article{white:2007,
  doi =          {10.1136/bmj.39160.666204.bd},
  url =          {https://doi.org/10.1136/bmj.39160.666204.bd},
  year =         2007,
  month =        3,
  publisher =    {{BMJ}},
  volume =       334,
  number =       7594,
  pages =        {607--607},
  author =       {C. White},
  title =        {Software makes it easier for journals to spot image
                  manipulation},
  journal =      {{BMJ}}
}

@article{rossner:2004,
  doi =          {10.1083/jcb.200406019},
  url =          {https://doi.org/10.1083/jcb.200406019},
  year =         2004,
  month =        7,
  publisher =    {Rockefeller University Press},
  volume =       166,
  number =       1,
  pages =        {11--15},
  author =       {Mike Rossner and Kenneth M. Yamada},
  title =        {What's in a picture? The temptation of image manipulation},
  journal =      {The Journal of Cell Biology}
}

@article{raschke:2008,
  doi =          {10.2308/jis.2008.22.2.23},
  url =          {https://doi.org/10.2308/jis.2008.22.2.23},
  year =         2008,
  month =        9,
  publisher =    {American Accounting Association},
  volume =       22,
  number =       2,
  pages =        {23--52},
  author =       {Robyn L. Raschke and Paul John Steinbart},
  title =        {Mitigating the Effects of Misleading Graphs on Decisions by
                  Educating Users about the Principles of Graph Design},
  journal =      {Journal of Information Systems}
}

@article{wainer:1984,
  doi =          {10.1080/00031305.1984.10483186},
  url =          {https://doi.org/10.1080/00031305.1984.10483186},
  year =         1984,
  month =        5,
  publisher =    {Informa {UK} Limited},
  volume =       38,
  number =       2,
  pages =        {137--147},
  author =       {Howard Wainer},
  title =        {How to Display Data Badly},
  journal =      {The American Statistician}
}

@article{rougier:2014,
  doi =          {10.1371/journal.pcbi.1003833},
  url =          {https://doi.org/10.1371/journal.pcbi.1003833},
  year =         2014,
  month =        9,
  publisher =    {Public Library of Science ({PLoS})},
  volume =       10,
  number =       9,
  pages =        {e1003833},
  author =       {Nicolas P. Rougier and Michael Droettboom and Philip
                  E. Bourne},
  title =        {Ten Simple Rules for Better Figures},
  journal =      {{PLoS} Computational Biology}
}
